<?xml version="1.0" encoding="UTF-8"?><collection xmlns="http://www.loc.gov/MARC21/slim"><record><leader>00316nam--2200133-i-4500</leader><controlfield tag="001">000033175</controlfield><controlfield tag="002">20161230</controlfield><controlfield tag="005">20161230201039</controlfield><controlfield tag="008">060222s1000------------r-----000-0-eng-d</controlfield><datafield ind1=" " ind2=" " tag="080"><subfield code="a">621.382.3</subfield></datafield><datafield ind1=" " ind2=" " tag="100"><subfield code="a">Moisil, Gr.C</subfield></datafield><datafield ind1=" " ind2=" " tag="245"><subfield code="a">Circuite cu transistori</subfield></datafield><datafield ind1=" " ind2=" " tag="260"><subfield code="a">Bucuresti, Ed.Acad.Rpr, 1961, 155p</subfield></datafield><datafield ind1=" " ind2=" " tag="852"><subfield code="a">8153</subfield></datafield></record></collection>